<?xml version="1.0" encoding="UTF-8"?><collection xmlns="http://www.loc.gov/MARC21/slim"><record><leader>00353nam--2200133-i-4500</leader><controlfield tag="001">000018205</controlfield><controlfield tag="002">20161230</controlfield><controlfield tag="005">20161230201032</controlfield><controlfield tag="008">060222s1000------------r-----000-0-eng-d</controlfield><datafield ind1=" " ind2=" " tag="080"><subfield code="a">621.391</subfield></datafield><datafield ind1=" " ind2=" " tag="100"><subfield code="a">Condrea, S., Constantinescu, I., Nicolau, Ed</subfield></datafield><datafield ind1=" " ind2=" " tag="245"><subfield code="a">Teoria informatiei</subfield></datafield><datafield ind1=" " ind2=" " tag="260"><subfield code="a">Bucuresti, Editura Tehnica, 1958.210p. + Erata</subfield></datafield><datafield ind1=" " ind2=" " tag="852"><subfield code="a">5345</subfield></datafield></record></collection>